<record><leader>00000cas a22000007a 4500</leader><controlfield tag="001">15560289</controlfield><controlfield tag="008">870421d18951962inuwr ne      0    0eng d</controlfield><datafield ind1=" " ind2=" " tag="010"><subfield code="a">sn 87055772 </subfield></datafield><datafield ind1=" " ind2=" " tag="040"><subfield code="a">NPI</subfield><subfield code="b">eng</subfield><subfield code="c">NPI</subfield><subfield code="d">OCLCQ</subfield></datafield><datafield ind1=" " ind2=" " tag="042"><subfield code="a">msc</subfield></datafield><datafield ind1="0" ind2="0" tag="245"><subfield code="a">North Liberty news.</subfield></datafield><datafield ind1=" " ind2=" " tag="260"><subfield code="a">North Liberty, Ind. :</subfield><subfield code="b">Independent News Co.,</subfield><subfield code="c">-1962.</subfield></datafield><datafield ind1=" " ind2=" " tag="310"><subfield code="a">Weekly</subfield></datafield><datafield ind1="1" ind2=" " tag="362"><subfield code="a">Began in Mar. 1895.</subfield></datafield><datafield ind1="0" ind2=" " tag="362"><subfield code="a">-v. 57, no. 11 (June 28, 1962).</subfield></datafield><datafield ind1=" " ind2=" " tag="515"><subfield code="a">Suspended in 1918; resumed with Feb. 1, 1919 issue. Cf. Miller, John W. Ind. newspaper bibliog.</subfield></datafield><datafield ind1=" " ind2=" " tag="588"><subfield code="a">Description based on: Vol. 49, no. 51 (Oct. 19, 1944).</subfield></datafield><datafield ind1=" " ind2=" " tag="752"><subfield code="a">United States</subfield><subfield code="b">Indiana</subfield><subfield code="c">Saint Joseph</subfield><subfield code="d">North Liberty.</subfield></datafield><datafield ind1="0" ind2="7" tag="785"><subfield code="t">Walkerton independent</subfield><subfield code="w">(DLC)sn 87055783</subfield></datafield><datafield ind1="0" ind2="7" tag="785"><subfield code="t">Independent-news (Walkerton, Ind.)</subfield><subfield code="w">(DLC)sn 87055952</subfield></datafield></record>